@book{oppenheim1997signals,
  title={Signals \& systems},
  author={Oppenheim, Alan V and Willsky, Alan S and Nawab, Syed Hamid},
  year={1997},
  publisher={Pearson Education}
}

@book{allen_mills_2004_signal_analysis,
  title={Signal Analysis: Time, Frequency, Scale, and Structure},
  author={Alle, Ronald L. and Mills, Duncan W.},
  year={2004},
  publisher={John Wiley \& Sons}
}

@Inbook{Gr√∂chenig2001,
author="Gr{\"o}chenig, Karlheinz",
title="The Short-Time Fourier Transform",
bookTitle="Foundations of Time-Frequency Analysis",
year="2001",
publisher="Birkh{\"a}user Boston",
address="Boston, MA",
pages="37--58",
abstract="We have seen that ideal time-frequency analysis faces a fundamental obstacle in the form of the uncertainty principle. Nevertheless, the example of the musical score indicates that a reasonable and useful form of time-frequency analysis should still be possible and realizable.",
isbn="978-1-4612-0003-1",
doi="10.1007/978-1-4612-0003-1_4",
url="https://doi.org/10.1007/978-1-4612-0003-1_4"
}

@online{STFT-presentation,
author = {{Andersen Ang}},
title = {Discrete STFT},
url = {https://angms.science/doc/SP/SP_STFT.pdf},
organization = {Mathematique et recherche operationnelle
UMONS, Belgium},
date = {2020}
}

@article{kletzing_et_al_2012_EMFISIS,
    author = {C. A. Kletzing and others},
    title = {The Electric and Magnetic Field Instrument Suite and Integrated Science (EMFISIS) on RBSP},
    journal = {Space Science Review},
    year = {2012}
}

#Perhaps this is useful for codes
#https://www.audiolabs-erlangen.de/resources/MIR/FMP/C2/C2_STFT-Basic.html